@book{bloch2017effective,
  title={Effective java},
  author={Bloch, Joshua},
  year={2017},
  publisher={Addison-Wesley Professional}
}
@book{knuth1997art,
  title        = {The Art of Computer Programming, Volume 1: Fundamental Algorithms},
  author       = {Donald E. Knuth},
  year         = {1997},
  edition      = {3rd},
  publisher    = {Addison-Wesley},
  isbn         = {978-0201896831}
}

@book{cormen2009introduction,
  title        = {Introduction to Algorithms},
  author       = {Thomas H. Cormen and Charles E. Leiserson and Ronald L. Rivest and Clifford Stein},
  year         = {2009},
  edition      = {3rd},
  publisher    = {MIT Press},
  isbn         = {978-0262033848}
}

@book{tanenbaum2006structured,
  title        = {Structured Computer Organization},
  author       = {Andrew S. Tanenbaum},
  year         = {2006},
  edition      = {5th},
  publisher    = {Pearson},
  isbn         = {978-0131485211}
}
